@article{de2020there,
  title={Is there empirical evidence on how the implementation of a universal basic income (UBI) affects labour supply? A systematic review},
  author={de Paz-B{\'a}{\~n}ez, Manuela A and Asensio-Coto, Mar{\'\i}a Jos{\'e} and S{\'a}nchez-L{\'o}pez, Celia and Aceytuno, Mar{\'\i}a-Teresa},
  journal={Sustainability},
  volume={12},
  number={22},
  pages={9459},
  year={2020},
  publisher={Multidisciplinary Digital Publishing Institute}
}
@article{wilson2021mental,
  title={The mental health effects of a Universal Basic Income: A synthesis of the evidence from previous pilots},
  author={Wilson, Naomi and McDaid, Shari},
  journal={Social science \& medicine},
  volume={287},
  pages={114374},
  year={2021},
  publisher={Elsevier}
}
@article{hanna2018universal,
  title={Universal basic incomes versus targeted transfers: Anti-poverty programs in developing countries},
  author={Hanna, Rema and Olken, Benjamin A},
  journal={Journal of Economic Perspectives},
  volume={32},
  number={4},
  pages={201--226},
  year={2018},
  publisher={American Economic Association 2014 Broadway, Suite 305, Nashville, TN 37203-2418}
}