@article{allingham1972income,
  title={Income tax evasion: A theoretical analysis},
  author={Allingham, Michael G and Sandmo, Agnar},
  journal={Journal of public economics},
  volume={1},
  number={3-4},
  pages={323--338},
  year={1972},
  publisher={North-Holland}
}
@article{kleven2011unwilling,
  title={Unwilling or unable to cheat? Evidence from a tax audit experiment in Denmark},
  author={Kleven, Henrik Jacobsen and Knudsen, Martin B and Kreiner, Claus Thustrup and Pedersen, S{\o}ren and Saez, Emmanuel},
  journal={Econometrica},
  volume={79},
  number={3},
  pages={651--692},
  year={2011},
  publisher={Wiley Online Library}
}
@article{pomeranz2015no,
  title={No taxation without information: Deterrence and self-enforcement in the value added tax},
  author={Pomeranz, Dina},
  journal={American Economic Review},
  volume={105},
  number={8},
  pages={2539--2569},
  year={2015},
  publisher={American Economic Association 2014 Broadway, Suite 305, Nashville, TN 37203}
}
@article{naritomi2019consumers,
  title={Consumers as tax auditors},
  author={Naritomi, Joana},
  journal={American Economic Review},
  volume={109},
  number={9},
  pages={3031--3072},
  year={2019},
  publisher={American Economic Association 2014 Broadway, Suite 305, Nashville, TN 37203}
}
@techreport{guyton2021tax,
  title={Tax evasion at the top of the income distribution: Theory and evidence},
  author={Guyton, John and Langetieg, Patrick and Reck, Daniel and Risch, Max and Zucman, Gabriel},
  year={2021},
  institution={National Bureau of Economic Research}
}
@incollection{slemrod2002tax,
  title={Tax avoidance, evasion, and administration},
  author={Slemrod, Joel and Yitzhaki, Shlomo},
  booktitle={Handbook of public economics},
  volume={3},
  pages={1423--1470},
  year={2002},
  publisher={Elsevier}
}
@article{slemrod2019tax,
  title={Tax compliance and enforcement},
  author={Slemrod, Joel},
  journal={Journal of economic literature},
  volume={57},
  number={4},
  pages={904--954},
  year={2019},
  publisher={American Economic Association 2014 Broadway, Suite 305, Nashville, TN 37203-2425}
}